% ------------------------------------------------------------------------
% BIBLIOGRAFIA
% ------------------------------------------------------------------------

@inproceedings{Harris,
  added-at = {2009-06-09T19:58:38.000+0200},
  author = {Harris, C. and Stephens, M.},
  booktitle = {Proceedings of the 4th Alvey Vision Conference},
  description = {MAPS citations},
  interhash = {69457ee9c61699b5153f9481a6c7f4bb},
  intrahash = {2d2048f92453ed8d1426782cfe774b62},
  keywords = {imported visual-interest-points},
  pages = {147--151},
  timestamp = {2009-06-09T19:58:38.000+0200},
  title = {A Combined Corner and Edge Detector},
  year = 1988
}

@Misc{Dwornik,
    author = {M. Dwornik},
    title = {Filtracja w domenie przestrzeni},
	url = {http://www.geol.agh.edu.pl/~dwornik/dyd/07_Filtracja.pdf},
	year = 2011
}

@article{haar,
  added-at = {2012-06-05T00:00:00.000+0200},
  author = {Stankovic, Radomir S. and Falkowski, Bogdan J.},
  interhash = {07447f9d46b6ec710754cb151658fd23},
  intrahash = {a1e65ba2925e93263f6563878abfff92},
  journal = {Computers \& Electrical Engineering},
  keywords = {dblp},
  number = 1,
  pages = {25-44},
  timestamp = {2012-06-05T00:00:00.000+0200},
  title = {The Haar wavelet transform: its status and achievements.},
  volume = 29,
  year = 2003
}

@ARTICLE{Lindeberg,
    author = {Tony Lindeberg},
    title = {Feature Detection with Automatic Scale Selection},
    journal = {International Journal of Computer Vision},
    year = {1998},
    volume = {30},
    pages = {79--116}
}

@article{surf,
 author = {Bay, Herbert and Ess, Andreas and Tuytelaars, Tinne and Van Gool, Luc},
 title = {Speeded-Up Robust Features (SURF)},
 journal = {Comput. Vis. Image Underst.},
 issue_date = {June, 2008},
 volume = {110},
 number = {3},
 month = jun,
 year = {2008},
 issn = {1077-3142},
 pages = {346--359},
 numpages = {14},
 doi = {10.1016/j.cviu.2007.09.014},
 acmid = {1370556},
 publisher = {Elsevier Science Inc.},
 address = {New York, NY, USA},
 keywords = {Camera calibration, Feature description, Interest points, Local features, Object recognition},
}

@Misc{Moravec,
 author = {Moravec, Hans Peter},
 title = {Obstacle avoidance and navigation in the real world by a seeing robot rover},
 year = {1980},
 note = {AAI8024717},
 publisher = {Stanford University},
 address = {Stanford, CA, USA},
}

@Article{Schmid,
  author       = "Schmid, Cordelia and Mohr, Roger and Bauckhage, Christian",
  title        = "Evaluation of Interest Point Detectors",
  journal      = "International Journal of Computer Vision",
  number       = "2",
  volume       = "37",
  pages        = "151-172",
  year         = "2000"
}

@inproceedings{Lowe1,
 author = {Lowe, David G.},
 title = {Object Recognition from Local Scale-Invariant Features},
 booktitle = {Proceedings of the International Conference on Computer Vision-Volume 2 - Volume 2},
 series = {ICCV '99},
 year = {1999},
 isbn = {0-7695-0164-8},
 pages = {1150--},
 acmid = {851523},
 publisher = {IEEE Computer Society},
 address = {Washington, DC, USA},
}

@article{Lowe2,
 author = {Lowe, David G.},
 title = {Distinctive Image Features from Scale-Invariant Keypoints},
 journal = {Int. J. Comput. Vision},
 issue_date = {November 2004},
 volume = {60},
 number = {2},
 month = nov,
 year = {2004},
 issn = {0920-5691},
 pages = {91--110},
 numpages = {20},
 doi = {10.1023/B:VISI.0000029664.99615.94},
 acmid = {996342},
 publisher = {Kluwer Academic Publishers},
 address = {Hingham, MA, USA},
 keywords = {image matching, invariant features, object recognition, scale invariance},
}

@article{Lindeberg1,
 author = {Lindeberg, T.},
 title = {Scale-Space for Discrete Signals},
 journal = {IEEE Trans. Pattern Anal. Mach. Intell.},
 issue_date = {March 1990},
 volume = {12},
 number = {3},
 month = mar,
 year = {1990},
 issn = {0162-8828},
 pages = {234--254},
 numpages = {21},
 doi = {10.1109/34.49051},
 acmid = {81069},
 publisher = {IEEE Computer Society},
 address = {Washington, DC, USA},
 keywords = {Gaussian kernel, diffusion equation, discrete scale-space theory, discrete signals, discrete smoothing transformations, discrete systems, frequency domain, nonnegative kernels, signal processing, spatial domain, unimodal kernels},
}

@ARTICLE{Lindeberg2,
    author = {Tony Lindeberg},
    title = {Feature Detection with Automatic Scale Selection},
    journal = {International Journal of Computer Vision},
    year = {1998},
    volume = {30},
    pages = {79--116}
}

@inproceedings{Neubeck,
 author = {Neubeck, Alexander and Van Gool, Luc},
 title = {Efficient Non-Maximum Suppression},
 booktitle = {Proceedings of the 18th International Conference on Pattern Recognition - Volume 03},
 series = {ICPR '06},
 year = {2006},
 isbn = {0-7695-2521-0},
 pages = {850--855},
 numpages = {6},
 doi = {10.1109/ICPR.2006.479},
 acmid = {1172615},
 publisher = {IEEE Computer Society},
 address = {Washington, DC, USA},
}

@InProceedings{Mikolajczyk,
  author       = "Mikolajczyk, Krystian and Schmid, Cordelia",
  title        = "Indexing based on scale invariant interest points",
  booktitle    = "Proceedings of the 8th International Conference on Computer Vision, Vancouver, Canada",
  pages        = "525--531",
  year         = "2001",
}


@Misc{canon,
  author = {Andy Westlake},
  title = {Canon TS-E 24mm 1:3.5 L II review},
  howpublished = "\url{http://www.dpreview.com/lensreviews/canon_24_3p5_tse_c10/5}",
  year = {2009}, 
  note = "[Online; odwiedzono 18.09.2012]"
}